@article{Julia2012,
	year  = {2012},
	month = {May},
	publisher = {Springer Nature},
	volume = {33},
	number = {4},
	pages = {427--444},
	author = {Miguel Juli{\'{a}} and Arturo Gil and Oscar Reinoso},
	title = {A comparison of path planning strategies for autonomous exploration and mapping of unknown environments},
	journal = {Autonomous Robots}
}
@article{Wurm2008,
	year = {2008},
	month = {September},
	publisher = {{IEEE}},
	author = {K.M. Wurm and C. Stachniss and W. Burgard},
	title = {Coordinated multi-robot exploration using a segmentation of the environment},
	journal = {2008 {IEEE}/{RSJ} International Conference on Intelligent Robots and Systems}
}
@article{Dias2006,
	year = {2006},
	month = {July},
	publisher = {Institute of Electrical and Electronics Engineers ({IEEE})},
	volume = {94},
	number = {7},
	pages = {1257--1270},
	author = {M.B. Dias and R. Zlot and N. Kalra and A. Stentz},
	title = {Market-Based Multirobot Coordination: A Survey and Analysis},
	journal = {Proceedings of the {IEEE}}
}
@article{Dias2000,
	author = {{M. Bernardine  Dias} and Stentz,  Anthony},
	keywords = {80101 Adaptive Agents and Intelligent Robotics},
	title = {A Free Market Architecture for Distributed Control of a Multirobot System},
	publisher = {Figshare},
	year = {2000}
}

@article{Moravec,
	publisher = {Institute of Electrical and Electronics Engineers},
	author = {H. Moravec and A. Elfes},
	title = {High resolution maps from wide angle sonar},
	booktitle = {Proceedings. 1985 {IEEE} International Conference on Robotics and Automation},
	year = {1985}
}

@article{Wurm2012,
	year = {2012},
	month = Januar,
	publisher = {Dissertation zur Erlangung des akademischen Grades Doktor der Naturwissenschaften},
	author = {Kai M. Wurm},
	title = {Techniques for	Multi-Robot Coordination and Navigation},
	booktitle = {Technische Fakultät Albert-Ludwigs-Universität Freiburg im Breisgau}
}

@article{Yamauchi1997,
	publisher = {{IEEE} Comput. Soc. Press},
	author = {B. Yamauchi},
	title = {A frontier-based approach for autonomous exploration},
	booktitle = {Proceedings 1997 {IEEE} International Symposium on Computational Intelligence in Robotics and Automation {CIRA97}. Towards New Computational Principles for Robotics and Automation },
	year = {1997}
}